% Encoding: UTF-8

@InProceedings{Winery,
  author    = {Oliver Kopp and others},
  title     = {{Winery -- A Modeling Tool for {TOSCA}-based Cloud Applications}},
  booktitle = {Proceedings of 11\textsuperscript{th} International Conference on Service-Oriented Computing (ICSOC'13)},
  year      = {2013},
  volume    = {8274},
  series    = {LNCS},
  pages     = {700--704},
  publisher = {Springer Berlin Heidelberg},
  doi       = {10.1007/978-3-642-45005-1_64},
  keywords  = {Cloud Applications; Modeling; TOSCA; Management; Portability},
}

@Article{Binz2009,
  author      = {Tobias Binz and Gerd Breiter and Frank Leymann and Thomas Spatzier},
  title       = {{Portable Cloud Services Using TOSCA}},
  journal     = {IEEE Internet Computing},
  year        = {2012},
  pages       = {80--85},
  volume      = {16},
  number      = {03},
  issn        = {1089-7801},
  doi         = {10.1109/mic.2012.43},
  month       = may,
  publisher   = {IEEE Computer Society},
}

@Manual{mwe,
  author = {Martin Scharrer},
  title  = {The \texttt{mwe} Package},
  year   = {2017},
  url    = {http://texdoc.net/mwe},
}

@Comment{jabref-meta: databaseType:bibtex;}
